@article{altman1990,
	title        = {New method of analyzing health data stirs debate},
	author       = {Altman, Laurence K},
	year         = 1990,
	journal      = {New York Times},
	pages        = 31
}
@article{bem2015,
	title        = {Feeling the future: A meta-analysis of 90 experiments on the anomalous anticipation of random future events},
	author       = {Bem, Daryl and Tressoldi, Patrizio and Rabeyron, Thomas and Duggan, Michael},
	year         = 2015,
	journal      = {F1000Research},
	publisher    = {Faculty of 1000 Ltd},
	volume       = 4
}
@article{bezrukova2016,
	title        = {A meta-analytical integration of over 40 years of research on diversity training evaluation.},
	author       = {Bezrukova, Katerina and Spell, Chester S and Perry, Jamie L and Jehn, Karen A},
	year         = 2016,
	journal      = {Psychological bulletin},
	publisher    = {American Psychological Association},
	volume       = 142,
	number       = 11,
	pages        = 1227
}
@article{cuddy2018p,
	title        = {P-curving a more comprehensive body of research on postural feedback reveals clear evidential value for power-posing effects: Reply to Simmons and Simonsohn (2017)},
	author       = {Cuddy, Amy JC and Schultz, S Jack and Fosse, Nathan E},
	year         = 2018,
	journal      = {Psychological science},
	publisher    = {Sage Publications Sage CA: Los Angeles, CA},
	volume       = 29,
	number       = 4,
	pages        = {656--666}
}
@article{glass1976,
	title        = {Primary, secondary, and meta-analysis of research},
	author       = {Glass, Gene V},
	year         = 1976,
	journal      = {Educational researcher},
	publisher    = {Sage Publications Sage CA: Los Angeles, CA},
	volume       = 5,
	number       = 10,
	pages        = {3--8}
}
@article{meremikwu2012,
	title        = {Intermittent preventive treatment for malaria in children living in areas with seasonal transmission},
	author       = {Meremikwu, Martin M and Donegan, Sarah and Sinclair, David and Esu, Ekpereonne and Oringanje, Chioma},
	year         = 2012,
	journal      = {Cochrane database of systematic reviews},
	publisher    = {John Wiley \& Sons, Ltd},
	number       = 2
}
@article{pettigrew2006,
	title        = {A meta-analytic test of intergroup contact theory.},
	author       = {Pettigrew, Thomas F and Tropp, Linda R},
	year         = 2006,
	journal      = {Journal of personality and social psychology},
	publisher    = {American Psychological Association},
	volume       = 90,
	number       = 5,
	pages        = 751
}
@manual{R-base,
	title        = {R: A Language and Environment for Statistical Computing},
	author       = {{R Core Team}},
	year         = 2023,
	address      = {Vienna, Austria},
	url          = {https://www.R-project.org/},
	organization = {R Foundation for Statistical Computing}
}
@manual{R-papaja,
	title        = {{papaja}: {Prepare} reproducible {APA} journal articles with {R Markdown}},
	author       = {Frederik Aust and Marius Barth},
	year         = 2023,
	url          = {https://github.com/crsh/papaja},
	note         = {R package version 0.1.2.9000}
}
@manual{R-tinylabels,
	title        = {{tinylabels}: Lightweight Variable Labels},
	author       = {Marius Barth},
	year         = 2023,
	url          = {https://cran.r-project.org/package=tinylabels},
	note         = {R package version 0.2.4}
}

@article{nosek2015,
  title={Promoting an open research culture},
  author={Nosek, B. A., Alter, G., Banks, G. C., Borsboom, D., Bowman, S. D., Breckler, S. J., Buck, S., Chambers, C. D., Chin, G., Christensen, G., Contestabile, M., Dafoe, A., Eich, E., Freese, J., Glennerster, R., Goroff, D., Green, D. P., Hesse, B., Humphreys, M., Ishiyama, J., … Yarkoni, T.},
  journal={Science},
  volume={348},
  number={6242},
  pages={1422--1425},
  year={2015},
  publisher={American Association for the Advancement of Science}
}

@article{schooler2014,
  title={Metascience could rescue the ‘replication crisis’},
  author={Schooler, Jonathan W},
  journal={Nature},
  volume={515},
  number={7525},
  pages={9--9},
  year={2014},
  publisher={Nature Publishing Group UK London}
}
@misc{hardwicke2023transparency,
  title={Transparency Is Now the Default at Psychological Science},
  author={Hardwicke, Tom E and Vazire, Simine},
  journal={Psychological Science},
  pages={09567976231221573},
  year={2023},
  publisher={SAGE Publications Sage CA: Los Angeles, CA}
}

@article{ferguson2023,
  title={Survey of open science practices and attitudes in the social sciences},
  author={Ferguson, Joel and Littman, Rebecca and Christensen, Garret and Paluck, Elizabeth Levy and Swanson, Nicholas and Wang, Zenan and Miguel, Edward and Birke, David and Pezzuto, John-Henry},
  journal={Nature communications},
  volume={14},
  number={1},
  pages={5401},
  year={2023},
  publisher={Nature Publishing Group UK London}
}

@article{hardwicke2018,
  title={Data availability, reusability, and analytic reproducibility: Evaluating the impact of a mandatory open data policy at the journal Cognition},
  author={Hardwicke, Tom E and Mathur, Maya B and MacDonald, Kyle and Nilsonne, Gustav and Banks, George C and Kidwell, Mallory C and Hofelich Mohr, Alicia and Clayton, Elizabeth and Yoon, Erica J and Henry Tessler, Michael and others},
  journal={Royal Society open science},
  volume={5},
  number={8},
  pages={180448},
  year={2018},
  publisher={The Royal Society}
}

@article{munger2023,
  title={Temporal validity as meta-science},
  author={Munger, Kevin},
  journal={Research \& Politics},
  volume={10},
  number={3},
  pages={20531680231187271},
  year={2023},
  publisher={SAGE Publications Sage UK: London, England}
}

@article{hardwicke2021,
  title={Analytic reproducibility in articles receiving open data badges at the journal Psychological Science: An observational study},
  author={Hardwicke, Tom E and Bohn, Manuel and MacDonald, Kyle and Hembacher, Emily and Nuijten, Mich{\`e}le B and Peloquin, Benjamin N and DeMayo, Benjamin E and Long, Bria and Yoon, Erica J and Frank, Michael C},
  journal={Royal Society open science},
  volume={8},
  number={1},
  pages={201494},
  year={2021},
  publisher={The Royal Society}
}
